<record><leader>00000cas a22000007a 4500</leader><controlfield tag="001">41319755</controlfield><controlfield tag="008">990507d19131913ncuwr ne      0    0eng d</controlfield><datafield ind1=" " ind2=" " tag="010"><subfield code="a">sn 98058938 </subfield></datafield><datafield ind1=" " ind2=" " tag="040"><subfield code="a">NVJ</subfield><subfield code="b">eng</subfield><subfield code="c">NVJ</subfield><subfield code="d">OCLCQ</subfield><subfield code="d">OCLCF</subfield><subfield code="d">OCLCO</subfield></datafield><datafield ind1="1" ind2=" " tag="029"><subfield code="a">AU@</subfield><subfield code="b">000020133859</subfield></datafield><datafield ind1=" " ind2=" " tag="042"><subfield code="a">msc</subfield></datafield><datafield ind1=" " ind2=" " tag="043"><subfield code="a">n-us-nc</subfield></datafield><datafield ind1="0" ind2="0" tag="245"><subfield code="a">Creedmoor news.</subfield></datafield><datafield ind1=" " ind2=" " tag="260"><subfield code="a">Creedmoor, N.C. :</subfield><subfield code="b">Creedmoor Pub. Co.</subfield></datafield><datafield ind1=" " ind2=" " tag="300"><subfield code="a">v.</subfield></datafield><datafield ind1=" " ind2=" " tag="310"><subfield code="a">Weekly</subfield></datafield><datafield ind1="1" ind2=" " tag="362"><subfield code="a">Began in Sept. 1913; ceased in 1913.</subfield></datafield><datafield ind1=" " ind2=" " tag="588"><subfield code="a">Description based on: Vol. 1, no. 7 (Oct. 30, 1913).</subfield></datafield><datafield ind1=" " ind2="0" tag="651"><subfield code="a">Creedmoor (N.C.)</subfield><subfield code="v">Newspapers.</subfield></datafield><datafield ind1=" " ind2="0" tag="651"><subfield code="a">Granville County (N.C.)</subfield><subfield code="v">Newspapers.</subfield></datafield><datafield ind1=" " ind2="7" tag="655"><subfield code="a">Newspapers.</subfield><subfield code="2">fast</subfield><subfield code="0">(OCoLC)fst01423814</subfield></datafield><datafield ind1=" " ind2="7" tag="651"><subfield code="a">North Carolina</subfield><subfield code="z">Creedmoor.</subfield><subfield code="2">fast</subfield><subfield code="0">(OCoLC)fst01229736</subfield></datafield><datafield ind1=" " ind2="7" tag="651"><subfield code="a">North Carolina</subfield><subfield code="z">Granville County.</subfield><subfield code="2">fast</subfield><subfield code="0">(OCoLC)fst01215302</subfield></datafield><datafield ind1=" " ind2=" " tag="752"><subfield code="a">United States</subfield><subfield code="b">North Carolina</subfield><subfield code="c">Granville</subfield><subfield code="d">Creedmoor.</subfield></datafield><datafield ind1="0" ind2="7" tag="785"><subfield code="t">Times (Creedmoor, N.C.)</subfield></datafield><datafield ind1="0" ind2="7" tag="785"><subfield code="t">Creedmoor times-news</subfield><subfield code="w">(DLC)sn 91068288</subfield></datafield></record>